
%A titre indicatif, environ 85% des violonistes
professionnels jouent avec une blessure durant leur carrière [1], principalement à l’épaule droite
(côté de l’archet).
@Article{blessure_violon,
author={B. Ackermann, R. Adams, E. Marshal},
journal={Australian Journal of Physiotherapy, vol.48, no. 3, pp. 197–203},
title={The effect of scapula taping on electromyographic activity and musical performance in professional violinists},
year={2002}
}


%Différentes recherches en médecine de la musique rapportent des taux de 65% à 88% d’occurrence de blessures chez les violonistes durant leur carrière
@Article{blessure_violon_2,
author={B. Ackerman, R. Adams},
journal={Perceptual and motor skills 99, 669–678},
title={Perceptions of causes of performance-related injuries by music health experts and injured violinists.},
year={2004}
}


% La littérature dans le domaine de la biomécanique du violon, au-delà d’être peu récente, ont montré que l’utilisation des muscles était spécifique à la technique de jeu [4] et donc propre à chacun
@Article{propre_jeu_de_violon,
author={B. Michaud, M. Begon, S. Duprey},
journal={8th world congress of biomechanics},
title={Kinematics of the violinists’ bow arm: Effect of tempo,
string played and play style and their interactions},
year={2018}
}

% modèle muscle hill
@Article{muscle_hill,
author={A.V. Hill},
journal={Proc. R. Soc. Lond. B.London: Royal Society. 126 (843): 136–195},
title={The heat of shortening and dynamics constants of muscles},
year={1938}
}

% modèle muscle thelen approfondissement
@Article{blessure_violon,
author={D.G. Thelen},
journal={ASME Journal of Biomechanical Engineering, 125(1):70–77},
title={Adjustment of muscle mechanics model parameters to simulate dynamic
contractions in older adults},
year={1938}
}

% cf valentin
@Article{xia_model,
author={T. Xia, L.A.F Law},
journal={Journal of biomechanics 41, 3046–3052},
title={A theoretical approach for modeling peripheral muscle fatigue and recovery.},
year={2008}
}

%On peut notamment citer les modèles de Liu et al. [15], amélioré par Xia et al. [16]
pour incorporer le phénomène de récupération et implémenté par Silva et al. [17].
@Article{blessure_violon,
author={M.T. Silva, A.F Pereira},
journal={Procedia IUTAM 2, 262–274.},
title={An efficient muscle fatigue model for forward and inverse dynamic analysis of human move-
ments.},
year={2011}
}


@article{dms,
author = {Ren, Zhengru and Skjetne, Roger and Gao, Zhen},
year = {2018},
month = {12},
pages = {50},
title = {A Crane Overload Protection Controller for Blade Lifting Operation Based on Model Predictive Control},
volume = {12},
journal = {Energies},
doi = {10.3390/en12010050}
}
